<record><leader>00000cas a22000007a 4500</leader><controlfield tag="001">13782383</controlfield><controlfield tag="008">860626d18191831pauwr ne      0    0eng d</controlfield><datafield ind1=" " ind2=" " tag="010"><subfield code="a">sn 86053543 </subfield></datafield><datafield ind1=" " ind2=" " tag="040"><subfield code="a">NPX</subfield><subfield code="b">eng</subfield><subfield code="c">NPX</subfield><subfield code="d">NPH</subfield><subfield code="d">OCLCQ</subfield></datafield><datafield ind1=" " ind2=" " tag="042"><subfield code="a">msc</subfield></datafield><datafield ind1="0" ind2="4" tag="245"><subfield code="a">The Columbian, and farmers and mechanics advertiser.</subfield></datafield><datafield ind1="1" ind2="3" tag="246"><subfield code="a">Kittanning Columbian</subfield></datafield><datafield ind1=" " ind2=" " tag="260"><subfield code="a">Kittanning, Pa. :</subfield><subfield code="b">Frederick Rohrer,</subfield><subfield code="c">-1831.</subfield></datafield><datafield ind1=" " ind2=" " tag="300"><subfield code="a">v.</subfield></datafield><datafield ind1=" " ind2=" " tag="310"><subfield code="a">Weekly</subfield></datafield><datafield ind1="1" ind2=" " tag="362"><subfield code="a">Began with Mar. 6, 1819 issue?</subfield><subfield code="z">Cf. Smith, R.W. Hist. of Armstrong Co., Pa., 1883.</subfield></datafield><datafield ind1="0" ind2=" " tag="362"><subfield code="a">-v. 12, no. 605 (Apr. 16, 1831).</subfield></datafield><datafield ind1=" " ind2=" " tag="500"><subfield code="a">"Democratic Republican," &lt;1830&gt;.</subfield></datafield><datafield ind1="4" ind2=" " tag="510"><subfield code="a">Shaw &amp; Shoemaker</subfield><subfield code="c">47670</subfield></datafield><datafield ind1="4" ind2=" " tag="510"><subfield code="a">Brigham, C.S. Amer. newspapers,</subfield><subfield code="c">p. 864</subfield></datafield><datafield ind1=" " ind2=" " tag="588"><subfield code="a">Description based on: Vol. 12, no. 574 (Sept. 11, 1830).</subfield></datafield><datafield ind1=" " ind2=" " tag="752"><subfield code="a">United States</subfield><subfield code="b">Pennsylvania</subfield><subfield code="c">Armstrong</subfield><subfield code="d">Kittanning.</subfield></datafield><datafield ind1="0" ind2="7" tag="785"><subfield code="t">Kittanning gazette (Kittanning, Pa. : 1825)</subfield><subfield code="w">(DLC)sn 88081068</subfield></datafield><datafield ind1="0" ind2="7" tag="785"><subfield code="t">Kittanning gazette and Columbian</subfield><subfield code="w">(DLC)sn 86081749</subfield></datafield><datafield ind1="1" ind2=" " tag="029"><subfield code="a">AU@</subfield><subfield code="b">000023563852</subfield></datafield></record>